@article{Bills2016,
  title = {Biologically Active Secondary Metabolites from the Fungi},
  volume = {4},
  ISSN = {2165-0497},
  url = {http://dx.doi.org/10.1128/microbiolspec.funk-0009-2016},
  DOI = {10.1128/microbiolspec.funk-0009-2016},
  number = {6},
  journal = {Microbiology Spectrum},
  publisher = {American Society for Microbiology},
  author = {Bills,  Gerald F. and Gloer,  James B.},
  editor = {Heitman,  Joseph and Howlett,  Barbara J. and Stukenbrock,  Eva Holtgrewe},
  year = {2016},
  month = dec 
}


@inbook{Karwehl2016,
  title = {Exploitation of Fungal Biodiversity for Discovery of Novel Antibiotics},
  ISBN = {9783319492841},
  ISSN = {2196-9965},
  url = {http://dx.doi.org/10.1007/82_2016_496},
  DOI = {10.1007/82_2016_496},
  booktitle = {How to Overcome the Antibiotic Crisis},
  publisher = {Springer International Publishing},
  author = {Karwehl,  Sabrina and Stadler,  Marc},
  year = {2016},
  pages = {303–338}
}

@article{Sum2023-vinni,
  title = {Recent progress in the evaluation of secondary metabolites from Basidiomycota},
  volume = {6},
  ISSN = {2590-2628},
  url = {http://dx.doi.org/10.1016/j.crbiot.2023.100155},
  DOI = {10.1016/j.crbiot.2023.100155},
  journal = {Current Research in Biotechnology},
  publisher = {Elsevier BV},
  author = {Sum,  Winnie Chemutai and Ebada,  Sherif S. and Clement Matasyoh,  Josphat and Stadler,  Marc},
  year = {2023},
  pages = {100155}
}

@article{He2019-time,
  title = {Notes,  outline and divergence times of Basidiomycota},
  volume = {99},
  ISSN = {1878-9129},
  url = {http://dx.doi.org/10.1007/s13225-019-00435-4},
  DOI = {10.1007/s13225-019-00435-4},
  number = {1},
  journal = {Fungal Diversity},
  publisher = {Springer Science and Business Media LLC},
  author = {He,  Mao-Qiang and Zhao,  Rui-Lin and Hyde,  Kevin D. and Begerow},
  year = {2019},
  month = nov,
  pages = {105–367}
}

@article{Surup2019,
  title = {New terpenoids from the fermentation broth of the edible mushroom Cyclocybe aegerita},
  volume = {15},
  ISSN = {1860-5397},
  url = {http://dx.doi.org/10.3762/bjoc.15.98},
  DOI = {10.3762/bjoc.15.98},
  journal = {Beilstein Journal of Organic Chemistry},
  publisher = {Beilstein Institut},
  author = {Surup,  Frank and Hennicke,  Florian and Sella,  Nadine and Stroot,  Maria and Bernecker,  Steffen and Pf\"{u}tze,  Sebastian and Stadler,  Marc and R\"{u}hl,  Martin},
  year = {2019},
  month = apr,
  pages = {1000–1007}
}

@article{Herzog2016,
  title = {Dikaryotic fruiting body development in a single dikaryon of Agrocybe aegerita and the spectrum of monokaryotic fruiting types in its monokaryotic progeny},
  volume = {15},
  ISSN = {1861-8952},
  url = {http://dx.doi.org/10.1007/s11557-016-1221-9},
  DOI = {10.1007/s11557-016-1221-9},
  number = {9},
  journal = {Mycological Progress},
  publisher = {Springer Science and Business Media LLC},
  author = {Herzog,  Robert and Solovyeva,  Irina and R\"{u}hl,  Martin and Thines,  Marco and Hennicke,  Florian},
  year = {2016},
  month = sep,
  pages = {947–957}
}


@article{Ellens,
  title = {Bioactive Naphtho-$\alpha$-Pyranones from Two Endophytic Fungi of the Genus Polyphilus},
  volume = {12},
  ISSN = {2079-6382},
  url = {http://dx.doi.org/10.3390/antibiotics12081273},
  DOI = {10.3390/antibiotics12081273},
  number = {8},
  journal = {Antibiotics},
  publisher = {MDPI AG},
  author = {Wennrich,  Jan-Peer and Sepanian,  Ellen and Ebada,  Sherif S. and Llanos-Lopez,  Natalia A. and Ashrafi,  Samad and Maier,  Wolfgang and Kurtán,  Tibor and Stadler,  Marc},
  year = {2023},
  month = aug,
  pages = {1273}
}

@article{Harms2021,
  title = {Three New Derivatives of Zopfinol from Pseudorhypophila Mangenotii gen. et comb. nov.},
  volume = {7},
  ISSN = {2309-608X},
  url = {http://dx.doi.org/10.3390/jof7030181},
  DOI = {10.3390/jof7030181},
  number = {3},
  journal = {Journal of Fungi},
  publisher = {MDPI AG},
  author = {Harms,  Karen and Milic,  Andrea and Stchigel,  Alberto M. and Stadler,  Marc and Surup,  Frank and Marin-Felix,  Yasmina},
  year = {2021},
  month = mar,
  pages = {181}
}



@article{Becker2020,
  title = {Viridistratins A-C, Antimicrobial and Cytotoxic Benzo[j]fluoranthenes from Stromata of Annulohypoxylon viridistratum (Hypoxylaceae,  Ascomycota)},
  volume = {10},
  ISSN = {2218-273X},
  url = {http://dx.doi.org/10.3390/biom10050805},
  DOI = {10.3390/biom10050805},
  number = {5},
  journal = {Biomolecules},
  publisher = {MDPI AG},
  author = {Becker,  Kevin and Wessel,  Anna-Charleen and Luangsa-ard,  J. Jennifer and Stadler,  Marc},
  year = {2020},
  month = may,
  pages = {805}
}



@unpublished{Rita2023,
author = {Rita Toshe
},
title = {SSAntiviral and antibacterial secondary metabolites from Thai invertebrate-associated fungi
},
school = {Saarland University},
year = {2023},
note = {unpublished master thesis}
}




@article{Orban2020,
  title = {Volatilomes of Cyclocybe aegerita during different stages of monokaryotic and dikaryotic fruiting},
  volume = {401},
  ISSN = {1431-6730},
  url = {http://dx.doi.org/10.1515/hsz-2019-0392},
  DOI = {10.1515/hsz-2019-0392},
  number = {8},
  journal = {Biological Chemistry},
  publisher = {Walter de Gruyter GmbH},
  author = {Orban,  Axel and Hennicke,  Florian and R\"{u}hl,  Martin},
  year = {2020},
  month = feb,
  pages = {995–1004}
}


@article{CharriaGirn2021,
  title = {Evaluation of the Antibacterial Activity of Crude Extracts Obtained From Cultivation of Native Endophytic Fungi Belonging to a Tropical Montane Rainforest in Colombia},
  volume = {12},
  ISSN = {1664-302X},
  url = {http://dx.doi.org/10.3389/fmicb.2021.716523},
  DOI = {10.3389/fmicb.2021.716523},
  journal = {Frontiers in Microbiology},
  publisher = {Frontiers Media SA},
  author = {Charria-Girón,  Esteban and Espinosa,  María C. and Zapata-Montoya,  Andrea and Méndez,  María J. and Caicedo,  Juan P. and Dávalos,  Andrés F. and Ferro,  Beatriz E. and Vasco-Palacios,  Aida M. and Caicedo,  Nelson H.},
  year = {2021},
  month = sep 
}



@article{Caicedo2010,
  title = {Bioproduction of antimicrobial compounds by using marine filamentous cyanobacterium cultivation},
  volume = {23},
  ISSN = {1573-5176},
  url = {http://dx.doi.org/10.1007/s10811-010-9580-0},
  DOI = {10.1007/s10811-010-9580-0},
  number = {5},
  journal = {Journal of Applied Phycology},
  publisher = {Springer Science and Business Media LLC},
  author = {Caicedo,  Nelson H. and Heyduck-S\"{o}ller,  Birgit and Fischer,  Ulrich and Th\"{o}ming,  Jorg},
  year = {2010},
  month = sep,
  pages = {811–818}
}



@article{Wongkanoun2023,
  title = {Studies on the Genus Pyrenopolyporus (Hypoxylaceae) in Thailand Using a Polyphasic Taxonomic Approach},
  volume = {9},
  ISSN = {2309-608X},
  url = {http://dx.doi.org/10.3390/jof9040429},
  DOI = {10.3390/jof9040429},
  number = {4},
  journal = {Journal of Fungi},
  publisher = {MDPI AG},
  author = {Wongkanoun,  Sarunyou and Chainuwong,  Boonchuai and Kobmoo,  Noppol and Roytrakul,  Sittiruk and Somrithipol,  Sayanh and Luangsa-ard,  Jennifer and Charria-Girón,  Esteban and Srikitikulchai,  Prasert and Stadler,  Marc},
  year = {2023},
  month = mar,
  pages = {429}
}


@article{Wang2016,
  title = {Sharing and community curation of mass spectrometry data with Global Natural Products Social Molecular Networking},
  volume = {34},
  ISSN = {1546-1696},
  url = {http://dx.doi.org/10.1038/nbt.3597},
  DOI = {10.1038/nbt.3597},
  number = {8},
  journal = {Nature Biotechnology},
  publisher = {Springer Science and Business Media LLC},
  author = {Wang,  Mingxun and Carver,  Jeremy J and Phelan,  Vanessa V and Sanchez,  Laura M and Garg,  Neha and Peng,  Yao and Nguyen,  Don Duy and Watrous,  Jeramie and Kapono,  Clifford A and Luzzatto-Knaan,Bradley S and Dorrestein,  Pieter C and Bandeira,  Nuno},
  year = {2016},
  month = aug,
  pages = {828–837}
}



@misc{sirius,
	author = {Prof. Dr. Sebastian Böcker},
	title = {{S}{I}{R}{I}{U}{S} | {L}ehrstuhl {B}ioinformatik {J}ena --- bio.informatik.uni-jena.de},
	howpublished = {\url{https://bio.informatik.uni-jena.de/software/sirius/#:~:text=SIRIUS%20allows%20for%20the%20automated,or%20a%20mass%20spectral%20database}},
	year = {},
	note = {[Accessed 07-10-2024]},
}

@inbook{Thirumurugan2018,
  title = {An Introductory Chapter: Secondary Metabolites},
  url = {http://dx.doi.org/10.5772/intechopen.79766},
  DOI = {10.5772/intechopen.79766},
  booktitle = {Secondary Metabolites - Sources and Applications},
  publisher = {InTech},
  author = {Thirumurugan,  Durairaj and Cholarajan,  Alagappan and Raja,  Suresh S.S. and Vijayakumar,  Ramasamy},
  year = {2018},
  month = sep 
}

@article{Nicolaou2017,
  title = {A brief history of antibiotics and select advances in their synthesis},
  volume = {71},
  ISSN = {1881-1469},
  url = {http://dx.doi.org/10.1038/ja.2017.62},
  DOI = {10.1038/ja.2017.62},
  number = {2},
  journal = {The Journal of Antibiotics},
  publisher = {Springer Science and Business Media LLC},
  author = {Nicolaou,  Kyriacos C and Rigol,  Stephan},
  year = {2017},
  month = jul,
  pages = {153–184}
}

@inbook{MShuikan2021,
  title = {Enhancement and Identification of Microbial Secondary Metabolites},
  url = {http://dx.doi.org/10.5772/intechopen.93489},
  DOI = {10.5772/intechopen.93489},
  booktitle = {Extremophilic Microbes and Metabolites - Diversity,  Bioprospecting and Biotechnological Applications},
  publisher = {IntechOpen},
  author = {M. Shuikan,  Ahmed and N. Hozzein,  Wael and M. Alzharani,  Mohammed and N. Sandouka,  Maram and A. Al Yousef,  Sulaiman and A. Alharbi,  Sulaiman and Damra,  Eman},
  year = {2021},
  month = feb 
}


@article{Bergman2019,
  title = {Medically Useful Plant Terpenoids: Biosynthesis,  Occurrence,  and Mechanism of Action},
  volume = {24},
  ISSN = {1420-3049},
  url = {http://dx.doi.org/10.3390/molecules24213961},
  DOI = {10.3390/molecules24213961},
  number = {21},
  journal = {Molecules},
  publisher = {MDPI AG},
  author = {Bergman,  Matthew E. and Davis,  Benjamin and Phillips,  Michael A.},
  year = {2019},
  month = nov,
  pages = {3961}
}


@misc{wikipedia,
   author = "Wikipedia",
   title = "{Cyclocybe aegerita} --- {W}ikipedia{,} The Free Encyclopedia",
   year = "2024",
   howpublished = {\url{http://en.wikipedia.org/w/index.php?title=Cyclocybe\%20aegerita&oldid=1223816609}},
   note = "[Online; accessed 07-October-2024]"
 }

@article{karen,
  title = {Bifunctional Sesquiterpene/Diterpene Synthase Agr2 from Cyclocybe aegerita Gives Rise to the Novel Diterpene Cyclocybene},
  ISSN = {1554-8937},
  url = {http://dx.doi.org/10.1021/acschembio.4c00178},
  DOI = {10.1021/acschembio.4c00178},
  journal = {ACS Chemical Biology},
  publisher = {American Chemical Society (ACS)},
  author = {Hoberg,  Nikolas and Harms,  Karen and Surup,  Frank and R\"{u}hl,  Martin},
  year = {2024},
  month = sep 
}